@misc{bib:musica_jesus,
  author = "Elieser Ademir de Jesus",
  title  = "Zorelha: um objeto de aprendizagem para auxiliar o desenvolvimento da percepção musical em crianças de 4 a 6 anos."
  year   = "2008"
  school = "UNIVALE"
  address= "Itajaí"
}

@misc{bib:medrash01,
  title = "http://www.blendswap.com/blends/characters/shaolin/"
}

@misc{bib:jogoinfinity,
  title = "Jogo Infinity Blade"
}

@misc{bib:lanca01,
  title = "http://images.wikia.com/fallout/images/e/e7/SpearFNV.png"
}

@misc{bib:sora01,
  title = "http://www.blendswap.com/blends/characters/womanc/"
}

@misc{bib:gardain01,
  title = "http://www.blendswap.com/blends/characters/"
}

@misc{bib:rangrim01,
  title = "http://www.blendswap.com/blends/characters/religious-man/"
}

@misc{bib:cobra01,
  title = "http://archive3d.net/?a=download\&id=2f591833"
}

@misc{bib:urso01,
  title = "http://archive3d.net/?a=download\&id=d879a331"
}

@misc{bib:jacare01,
  title = "http://www.blendswap.com/blends/animals/alligator"
}

@misc{bib:lobo01,
  title = "http://www.blendswap.com/blends/animals/wolf-for-bge-projekt/"
}

@misc{bib:enxame01,
  title = "http://beesandwaspss.com/wasp-hive/"
}

@misc{bib:tigre01,
  title = "http://3dlenta.com/en/catalog.html?\\
page=shop.product\_details\&flypage=flypage.tpl\&product\_id=293\&category\_id=8"
}

@misc{bib:balasar01,
  title = "http://www.3dmodelfree.com/models/26570-0.htm"
}

@misc{bib:guerreiro01,
  title = "http://fallout.wikia.com/wiki/File:Tribal.png"
}

@misc{bib:guerreiro02,
  title = "http://xboxlivemedia.ign.com/"
}

@misc{bib:escrava01,
  title = "http://www.turbosquid.com/3d-models/3d-female-slave-model/506597"
}

@misc{bib:escravo01,
  title = "http://www.turbosquid.com/3d-models/3ds-slave/334940"
}

@misc{bib:crash01,
  title = "http://4.bp.blogspot.com/\_bysq3jeafas/TPLoF02sNZI/\\
AAAAAAAADNA/ENn37toDNzI/s400/Crash+Bandicoot+\%252848\%2529.jpg"
}

@misc{bib:crash02,
  title = "http://www.emula.com.br/wp-content/uploads/2011/12/crash-foto1-550x371.jpg"
}

@misc{bib:mario01,
  title = "http://www.consolemonster.com/media/0000000420/\\
screenshots/0000000420-L-554b58c.jpg"
}

@misc{bib:mario02,
  title = "http://images.nintendolife.com/screenshots/24425/large.jpg"
}

@misc{bib:zelda01,
  title = "http://3.bp.blogspot.com/\_hm08Ee9y2bQ/TEU3RT1SK1I/\\
AAAAAAAAAME/8uEqfNhyCk8/s1600/Zelda\_Ocarina\_of\_Time.jpg"
}